%YAML 1.1
%TAG !u! tag:unity3d.com,2011:
--- !u!1 &1105815244499732544
GameObject:
  m_ObjectHideFlags: 0
  m_CorrespondingSourceObject: {fileID: 0}
  m_PrefabInstance: {fileID: 0}
  m_PrefabAsset: {fileID: 0}
  serializedVersion: 6
  m_Component:
  - component: {fileID: 1908706004002941923}
  m_Layer: 16
  m_Name: CrystallPack1
  m_TagString: Untagged
  m_Icon: {fileID: 0}
  m_NavMeshLayer: 0
  m_StaticEditorFlags: 0
  m_IsActive: 1
--- !u!4 &1908706004002941923
Transform:
  m_ObjectHideFlags: 0
  m_CorrespondingSourceObject: {fileID: 0}
  m_PrefabInstance: {fileID: 0}
  m_PrefabAsset: {fileID: 0}
  m_GameObject: {fileID: 1105815244499732544}
  m_LocalRotation: {x: 0, y: 0, z: 0, w: 1}
  m_LocalPosition: {x: 0, y: 0, z: 0}
  m_LocalScale: {x: 1, y: 1, z: 1}
  m_Children:
  - {fileID: 8691473246562700307}
  - {fileID: 8691473245444860442}
  - {fileID: 8691473246646783254}
  - {fileID: 8691473247160504676}
  - {fileID: 8691473246410207266}
  - {fileID: 8691473246530002429}
  m_Father: {fileID: 0}
  m_RootOrder: 0
  m_LocalEulerAnglesHint: {x: 0, y: 0, z: 0}
--- !u!1001 &6691742938351070492
PrefabInstance:
  m_ObjectHideFlags: 0
  serializedVersion: 2
  m_Modification:
    m_TransformParent: {fileID: 1908706004002941923}
    m_Modifications:
    - target: {fileID: 2613082162281553214, guid: 84e40102dc24d084fad3b4ec529321be,
        type: 3}
      propertyPath: m_LocalPosition.x
      value: -1.865
      objectReference: {fileID: 0}
    - target: {fileID: 2613082162281553214, guid: 84e40102dc24d084fad3b4ec529321be,
        type: 3}
      propertyPath: m_LocalPosition.y
      value: -0.37137985
      objectReference: {fileID: 0}
    - target: {fileID: 2613082162281553214, guid: 84e40102dc24d084fad3b4ec529321be,
        type: 3}
      propertyPath: m_LocalPosition.z
      value: -0.36
      objectReference: {fileID: 0}
    - target: {fileID: 2613082162281553214, guid: 84e40102dc24d084fad3b4ec529321be,
        type: 3}
      propertyPath: m_LocalRotation.x
      value: 0.21581383
      objectReference: {fileID: 0}
    - target: {fileID: 2613082162281553214, guid: 84e40102dc24d084fad3b4ec529321be,
        type: 3}
      propertyPath: m_LocalRotation.y
      value: 0.053808942
      objectReference: {fileID: 0}
    - target: {fileID: 2613082162281553214, guid: 84e40102dc24d084fad3b4ec529321be,
        type: 3}
      propertyPath: m_LocalRotation.z
      value: -0.019656405
      objectReference: {fileID: 0}
    - target: {fileID: 2613082162281553214, guid: 84e40102dc24d084fad3b4ec529321be,
        type: 3}
      propertyPath: m_LocalRotation.w
      value: 0.9747526
      objectReference: {fileID: 0}
    - target: {fileID: 2613082162281553214, guid: 84e40102dc24d084fad3b4ec529321be,
        type: 3}
      propertyPath: m_RootOrder
      value: 4
      objectReference: {fileID: 0}
    - target: {fileID: 2613082162281553214, guid: 84e40102dc24d084fad3b4ec529321be,
        type: 3}
      propertyPath: m_LocalEulerAnglesHint.x
      value: 25.014002
      objectReference: {fileID: 0}
    - target: {fileID: 2613082162281553214, guid: 84e40102dc24d084fad3b4ec529321be,
        type: 3}
      propertyPath: m_LocalEulerAnglesHint.y
      value: 6.1080003
      objectReference: {fileID: 0}
    - target: {fileID: 2613082162281553214, guid: 84e40102dc24d084fad3b4ec529321be,
        type: 3}
      propertyPath: m_LocalEulerAnglesHint.z
      value: -0.95400006
      objectReference: {fileID: 0}
    - target: {fileID: 2613082162281553214, guid: 84e40102dc24d084fad3b4ec529321be,
        type: 3}
      propertyPath: m_LocalScale.x
      value: 0.35508743
      objectReference: {fileID: 0}
    - target: {fileID: 2613082162281553214, guid: 84e40102dc24d084fad3b4ec529321be,
        type: 3}
      propertyPath: m_LocalScale.y
      value: 0.35508743
      objectReference: {fileID: 0}
    - target: {fileID: 2613082162281553214, guid: 84e40102dc24d084fad3b4ec529321be,
        type: 3}
      propertyPath: m_LocalScale.z
      value: 0.3550874
      objectReference: {fileID: 0}
    - target: {fileID: 2613082162281578782, guid: 84e40102dc24d084fad3b4ec529321be,
        type: 3}
      propertyPath: m_Name
      value: CrystallMedium (5)
      objectReference: {fileID: 0}
    m_RemovedComponents: []
  m_SourcePrefab: {fileID: 100100000, guid: 84e40102dc24d084fad3b4ec529321be, type: 3}
--- !u!4 &8691473246410207266 stripped
Transform:
  m_CorrespondingSourceObject: {fileID: 2613082162281553214, guid: 84e40102dc24d084fad3b4ec529321be,
    type: 3}
  m_PrefabInstance: {fileID: 6691742938351070492}
  m_PrefabAsset: {fileID: 0}
--- !u!1001 &6691742938500219075
PrefabInstance:
  m_ObjectHideFlags: 0
  serializedVersion: 2
  m_Modification:
    m_TransformParent: {fileID: 1908706004002941923}
    m_Modifications:
    - target: {fileID: 2613082162281553214, guid: 84e40102dc24d084fad3b4ec529321be,
        type: 3}
      propertyPath: m_LocalPosition.x
      value: -1.834
      objectReference: {fileID: 0}
    - target: {fileID: 2613082162281553214, guid: 84e40102dc24d084fad3b4ec529321be,
        type: 3}
      propertyPath: m_LocalPosition.y
      value: -0.362
      objectReference: {fileID: 0}
    - target: {fileID: 2613082162281553214, guid: 84e40102dc24d084fad3b4ec529321be,
        type: 3}
      propertyPath: m_LocalPosition.z
      value: -1.106
      objectReference: {fileID: 0}
    - target: {fileID: 2613082162281553214, guid: 84e40102dc24d084fad3b4ec529321be,
        type: 3}
      propertyPath: m_LocalRotation.x
      value: -0
      objectReference: {fileID: 0}
    - target: {fileID: 2613082162281553214, guid: 84e40102dc24d084fad3b4ec529321be,
        type: 3}
      propertyPath: m_LocalRotation.y
      value: -0
      objectReference: {fileID: 0}
    - target: {fileID: 2613082162281553214, guid: 84e40102dc24d084fad3b4ec529321be,
        type: 3}
      propertyPath: m_LocalRotation.z
      value: -0
      objectReference: {fileID: 0}
    - target: {fileID: 2613082162281553214, guid: 84e40102dc24d084fad3b4ec529321be,
        type: 3}
      propertyPath: m_LocalRotation.w
      value: 1
      objectReference: {fileID: 0}
    - target: {fileID: 2613082162281553214, guid: 84e40102dc24d084fad3b4ec529321be,
        type: 3}
      propertyPath: m_RootOrder
      value: 5
      objectReference: {fileID: 0}
    - target: {fileID: 2613082162281553214, guid: 84e40102dc24d084fad3b4ec529321be,
        type: 3}
      propertyPath: m_LocalEulerAnglesHint.x
      value: 0
      objectReference: {fileID: 0}
    - target: {fileID: 2613082162281553214, guid: 84e40102dc24d084fad3b4ec529321be,
        type: 3}
      propertyPath: m_LocalEulerAnglesHint.y
      value: 0
      objectReference: {fileID: 0}
    - target: {fileID: 2613082162281553214, guid: 84e40102dc24d084fad3b4ec529321be,
        type: 3}
      propertyPath: m_LocalEulerAnglesHint.z
      value: 0
      objectReference: {fileID: 0}
    - target: {fileID: 2613082162281578782, guid: 84e40102dc24d084fad3b4ec529321be,
        type: 3}
      propertyPath: m_Name
      value: CrystallMedium
      objectReference: {fileID: 0}
    m_RemovedComponents: []
  m_SourcePrefab: {fileID: 100100000, guid: 84e40102dc24d084fad3b4ec529321be, type: 3}
--- !u!4 &8691473246530002429 stripped
Transform:
  m_CorrespondingSourceObject: {fileID: 2613082162281553214, guid: 84e40102dc24d084fad3b4ec529321be,
    type: 3}
  m_PrefabInstance: {fileID: 6691742938500219075}
  m_PrefabAsset: {fileID: 0}
--- !u!1001 &6691742938602262829
PrefabInstance:
  m_ObjectHideFlags: 0
  serializedVersion: 2
  m_Modification:
    m_TransformParent: {fileID: 1908706004002941923}
    m_Modifications:
    - target: {fileID: 2613082162281553214, guid: 84e40102dc24d084fad3b4ec529321be,
        type: 3}
      propertyPath: m_LocalPosition.x
      value: -1.773
      objectReference: {fileID: 0}
    - target: {fileID: 2613082162281553214, guid: 84e40102dc24d084fad3b4ec529321be,
        type: 3}
      propertyPath: m_LocalPosition.y
      value: -0.3641
      objectReference: {fileID: 0}
    - target: {fileID: 2613082162281553214, guid: 84e40102dc24d084fad3b4ec529321be,
        type: 3}
      propertyPath: m_LocalPosition.z
      value: -0.729
      objectReference: {fileID: 0}
    - target: {fileID: 2613082162281553214, guid: 84e40102dc24d084fad3b4ec529321be,
        type: 3}
      propertyPath: m_LocalRotation.x
      value: 0.17241612
      objectReference: {fileID: 0}
    - target: {fileID: 2613082162281553214, guid: 84e40102dc24d084fad3b4ec529321be,
        type: 3}
      propertyPath: m_LocalRotation.y
      value: 0.1921382
      objectReference: {fileID: 0}
    - target: {fileID: 2613082162281553214, guid: 84e40102dc24d084fad3b4ec529321be,
        type: 3}
      propertyPath: m_LocalRotation.z
      value: 0.017213942
      objectReference: {fileID: 0}
    - target: {fileID: 2613082162281553214, guid: 84e40102dc24d084fad3b4ec529321be,
        type: 3}
      propertyPath: m_LocalRotation.w
      value: 0.96594995
      objectReference: {fileID: 0}
    - target: {fileID: 2613082162281553214, guid: 84e40102dc24d084fad3b4ec529321be,
        type: 3}
      propertyPath: m_RootOrder
      value: 0
      objectReference: {fileID: 0}
    - target: {fileID: 2613082162281553214, guid: 84e40102dc24d084fad3b4ec529321be,
        type: 3}
      propertyPath: m_LocalEulerAnglesHint.x
      value: 19.055
      objectReference: {fileID: 0}
    - target: {fileID: 2613082162281553214, guid: 84e40102dc24d084fad3b4ec529321be,
        type: 3}
      propertyPath: m_LocalEulerAnglesHint.y
      value: 23.515001
      objectReference: {fileID: 0}
    - target: {fileID: 2613082162281553214, guid: 84e40102dc24d084fad3b4ec529321be,
        type: 3}
      propertyPath: m_LocalEulerAnglesHint.z
      value: 6.043
      objectReference: {fileID: 0}
    - target: {fileID: 2613082162281553214, guid: 84e40102dc24d084fad3b4ec529321be,
        type: 3}
      propertyPath: m_LocalScale.x
      value: 0.76095957
      objectReference: {fileID: 0}
    - target: {fileID: 2613082162281553214, guid: 84e40102dc24d084fad3b4ec529321be,
        type: 3}
      propertyPath: m_LocalScale.y
      value: 0.7609595
      objectReference: {fileID: 0}
    - target: {fileID: 2613082162281553214, guid: 84e40102dc24d084fad3b4ec529321be,
        type: 3}
      propertyPath: m_LocalScale.z
      value: 0.7609594
      objectReference: {fileID: 0}
    - target: {fileID: 2613082162281578782, guid: 84e40102dc24d084fad3b4ec529321be,
        type: 3}
      propertyPath: m_Name
      value: CrystallMedium (1)
      objectReference: {fileID: 0}
    m_RemovedComponents: []
  m_SourcePrefab: {fileID: 100100000, guid: 84e40102dc24d084fad3b4ec529321be, type: 3}
--- !u!4 &8691473246562700307 stripped
Transform:
  m_CorrespondingSourceObject: {fileID: 2613082162281553214, guid: 84e40102dc24d084fad3b4ec529321be,
    type: 3}
  m_PrefabInstance: {fileID: 6691742938602262829}
  m_PrefabAsset: {fileID: 0}
--- !u!1001 &6691742938650824744
PrefabInstance:
  m_ObjectHideFlags: 0
  serializedVersion: 2
  m_Modification:
    m_TransformParent: {fileID: 1908706004002941923}
    m_Modifications:
    - target: {fileID: 2613082162281553214, guid: 84e40102dc24d084fad3b4ec529321be,
        type: 3}
      propertyPath: m_LocalPosition.x
      value: -2.225
      objectReference: {fileID: 0}
    - target: {fileID: 2613082162281553214, guid: 84e40102dc24d084fad3b4ec529321be,
        type: 3}
      propertyPath: m_LocalPosition.y
      value: -0.37082
      objectReference: {fileID: 0}
    - target: {fileID: 2613082162281553214, guid: 84e40102dc24d084fad3b4ec529321be,
        type: 3}
      propertyPath: m_LocalPosition.z
      value: 0.101
      objectReference: {fileID: 0}
    - target: {fileID: 2613082162281553214, guid: 84e40102dc24d084fad3b4ec529321be,
        type: 3}
      propertyPath: m_LocalRotation.x
      value: 0.20282693
      objectReference: {fileID: 0}
    - target: {fileID: 2613082162281553214, guid: 84e40102dc24d084fad3b4ec529321be,
        type: 3}
      propertyPath: m_LocalRotation.y
      value: 0.091281034
      objectReference: {fileID: 0}
    - target: {fileID: 2613082162281553214, guid: 84e40102dc24d084fad3b4ec529321be,
        type: 3}
      propertyPath: m_LocalRotation.z
      value: 0.15376739
      objectReference: {fileID: 0}
    - target: {fileID: 2613082162281553214, guid: 84e40102dc24d084fad3b4ec529321be,
        type: 3}
      propertyPath: m_LocalRotation.w
      value: 0.96274847
      objectReference: {fileID: 0}
    - target: {fileID: 2613082162281553214, guid: 84e40102dc24d084fad3b4ec529321be,
        type: 3}
      propertyPath: m_RootOrder
      value: 2
      objectReference: {fileID: 0}
    - target: {fileID: 2613082162281553214, guid: 84e40102dc24d084fad3b4ec529321be,
        type: 3}
      propertyPath: m_LocalEulerAnglesHint.x
      value: 21.252
      objectReference: {fileID: 0}
    - target: {fileID: 2613082162281553214, guid: 84e40102dc24d084fad3b4ec529321be,
        type: 3}
      propertyPath: m_LocalEulerAnglesHint.y
      value: 14.804001
      objectReference: {fileID: 0}
    - target: {fileID: 2613082162281553214, guid: 84e40102dc24d084fad3b4ec529321be,
        type: 3}
      propertyPath: m_LocalEulerAnglesHint.z
      value: 20.941002
      objectReference: {fileID: 0}
    - target: {fileID: 2613082162281553214, guid: 84e40102dc24d084fad3b4ec529321be,
        type: 3}
      propertyPath: m_LocalScale.x
      value: 0.35508743
      objectReference: {fileID: 0}
    - target: {fileID: 2613082162281553214, guid: 84e40102dc24d084fad3b4ec529321be,
        type: 3}
      propertyPath: m_LocalScale.y
      value: 0.35508746
      objectReference: {fileID: 0}
    - target: {fileID: 2613082162281553214, guid: 84e40102dc24d084fad3b4ec529321be,
        type: 3}
      propertyPath: m_LocalScale.z
      value: 0.35508743
      objectReference: {fileID: 0}
    - target: {fileID: 2613082162281578782, guid: 84e40102dc24d084fad3b4ec529321be,
        type: 3}
      propertyPath: m_Name
      value: CrystallMedium (3)
      objectReference: {fileID: 0}
    m_RemovedComponents: []
  m_SourcePrefab: {fileID: 100100000, guid: 84e40102dc24d084fad3b4ec529321be, type: 3}
--- !u!4 &8691473246646783254 stripped
Transform:
  m_CorrespondingSourceObject: {fileID: 2613082162281553214, guid: 84e40102dc24d084fad3b4ec529321be,
    type: 3}
  m_PrefabInstance: {fileID: 6691742938650824744}
  m_PrefabAsset: {fileID: 0}
--- !u!1001 &6691742939084983386
PrefabInstance:
  m_ObjectHideFlags: 0
  serializedVersion: 2
  m_Modification:
    m_TransformParent: {fileID: 1908706004002941923}
    m_Modifications:
    - target: {fileID: 2613082162281553214, guid: 84e40102dc24d084fad3b4ec529321be,
        type: 3}
      propertyPath: m_LocalPosition.x
      value: -2.119679
      objectReference: {fileID: 0}
    - target: {fileID: 2613082162281553214, guid: 84e40102dc24d084fad3b4ec529321be,
        type: 3}
      propertyPath: m_LocalPosition.y
      value: -0.36697143
      objectReference: {fileID: 0}
    - target: {fileID: 2613082162281553214, guid: 84e40102dc24d084fad3b4ec529321be,
        type: 3}
      propertyPath: m_LocalPosition.z
      value: -0.81998265
      objectReference: {fileID: 0}
    - target: {fileID: 2613082162281553214, guid: 84e40102dc24d084fad3b4ec529321be,
        type: 3}
      propertyPath: m_LocalRotation.x
      value: 0.14578636
      objectReference: {fileID: 0}
    - target: {fileID: 2613082162281553214, guid: 84e40102dc24d084fad3b4ec529321be,
        type: 3}
      propertyPath: m_LocalRotation.y
      value: 0.17964719
      objectReference: {fileID: 0}
    - target: {fileID: 2613082162281553214, guid: 84e40102dc24d084fad3b4ec529321be,
        type: 3}
      propertyPath: m_LocalRotation.z
      value: 0.0436442
      objectReference: {fileID: 0}
    - target: {fileID: 2613082162281553214, guid: 84e40102dc24d084fad3b4ec529321be,
        type: 3}
      propertyPath: m_LocalRotation.w
      value: 0.97188914
      objectReference: {fileID: 0}
    - target: {fileID: 2613082162281553214, guid: 84e40102dc24d084fad3b4ec529321be,
        type: 3}
      propertyPath: m_RootOrder
      value: 3
      objectReference: {fileID: 0}
    - target: {fileID: 2613082162281553214, guid: 84e40102dc24d084fad3b4ec529321be,
        type: 3}
      propertyPath: m_LocalEulerAnglesHint.x
      value: 15.527
      objectReference: {fileID: 0}
    - target: {fileID: 2613082162281553214, guid: 84e40102dc24d084fad3b4ec529321be,
        type: 3}
      propertyPath: m_LocalEulerAnglesHint.y
      value: 22.063002
      objectReference: {fileID: 0}
    - target: {fileID: 2613082162281553214, guid: 84e40102dc24d084fad3b4ec529321be,
        type: 3}
      propertyPath: m_LocalEulerAnglesHint.z
      value: 8.187
      objectReference: {fileID: 0}
    - target: {fileID: 2613082162281553214, guid: 84e40102dc24d084fad3b4ec529321be,
        type: 3}
      propertyPath: m_LocalScale.x
      value: 0.5925135
      objectReference: {fileID: 0}
    - target: {fileID: 2613082162281553214, guid: 84e40102dc24d084fad3b4ec529321be,
        type: 3}
      propertyPath: m_LocalScale.y
      value: 0.5925135
      objectReference: {fileID: 0}
    - target: {fileID: 2613082162281553214, guid: 84e40102dc24d084fad3b4ec529321be,
        type: 3}
      propertyPath: m_LocalScale.z
      value: 0.5925135
      objectReference: {fileID: 0}
    - target: {fileID: 2613082162281578782, guid: 84e40102dc24d084fad3b4ec529321be,
        type: 3}
      propertyPath: m_Name
      value: CrystallMedium (4)
      objectReference: {fileID: 0}
    m_RemovedComponents: []
  m_SourcePrefab: {fileID: 100100000, guid: 84e40102dc24d084fad3b4ec529321be, type: 3}
--- !u!4 &8691473247160504676 stripped
Transform:
  m_CorrespondingSourceObject: {fileID: 2613082162281553214, guid: 84e40102dc24d084fad3b4ec529321be,
    type: 3}
  m_PrefabInstance: {fileID: 6691742939084983386}
  m_PrefabAsset: {fileID: 0}
--- !u!1001 &6691742939585902372
PrefabInstance:
  m_ObjectHideFlags: 0
  serializedVersion: 2
  m_Modification:
    m_TransformParent: {fileID: 1908706004002941923}
    m_Modifications:
    - target: {fileID: 2613082162281553214, guid: 84e40102dc24d084fad3b4ec529321be,
        type: 3}
      propertyPath: m_LocalPosition.x
      value: -2.146
      objectReference: {fileID: 0}
    - target: {fileID: 2613082162281553214, guid: 84e40102dc24d084fad3b4ec529321be,
        type: 3}
      propertyPath: m_LocalPosition.y
      value: -0.36985
      objectReference: {fileID: 0}
    - target: {fileID: 2613082162281553214, guid: 84e40102dc24d084fad3b4ec529321be,
        type: 3}
      propertyPath: m_LocalPosition.z
      value: -0.99331
      objectReference: {fileID: 0}
    - target: {fileID: 2613082162281553214, guid: 84e40102dc24d084fad3b4ec529321be,
        type: 3}
      propertyPath: m_LocalRotation.x
      value: -0.24934025
      objectReference: {fileID: 0}
    - target: {fileID: 2613082162281553214, guid: 84e40102dc24d084fad3b4ec529321be,
        type: 3}
      propertyPath: m_LocalRotation.y
      value: 0.26560137
      objectReference: {fileID: 0}
    - target: {fileID: 2613082162281553214, guid: 84e40102dc24d084fad3b4ec529321be,
        type: 3}
      propertyPath: m_LocalRotation.z
      value: 0.14646535
      objectReference: {fileID: 0}
    - target: {fileID: 2613082162281553214, guid: 84e40102dc24d084fad3b4ec529321be,
        type: 3}
      propertyPath: m_LocalRotation.w
      value: 0.9196919
      objectReference: {fileID: 0}
    - target: {fileID: 2613082162281553214, guid: 84e40102dc24d084fad3b4ec529321be,
        type: 3}
      propertyPath: m_RootOrder
      value: 1
      objectReference: {fileID: 0}
    - target: {fileID: 2613082162281553214, guid: 84e40102dc24d084fad3b4ec529321be,
        type: 3}
      propertyPath: m_LocalEulerAnglesHint.x
      value: -32.441
      objectReference: {fileID: 0}
    - target: {fileID: 2613082162281553214, guid: 84e40102dc24d084fad3b4ec529321be,
        type: 3}
      propertyPath: m_LocalEulerAnglesHint.y
      value: 29.494001
      objectReference: {fileID: 0}
    - target: {fileID: 2613082162281553214, guid: 84e40102dc24d084fad3b4ec529321be,
        type: 3}
      propertyPath: m_LocalEulerAnglesHint.z
      value: 9.339001
      objectReference: {fileID: 0}
    - target: {fileID: 2613082162281553214, guid: 84e40102dc24d084fad3b4ec529321be,
        type: 3}
      propertyPath: m_LocalScale.x
      value: 0.7383549
      objectReference: {fileID: 0}
    - target: {fileID: 2613082162281553214, guid: 84e40102dc24d084fad3b4ec529321be,
        type: 3}
      propertyPath: m_LocalScale.y
      value: 0.7383549
      objectReference: {fileID: 0}
    - target: {fileID: 2613082162281553214, guid: 84e40102dc24d084fad3b4ec529321be,
        type: 3}
      propertyPath: m_LocalScale.z
      value: 0.7383551
      objectReference: {fileID: 0}
    - target: {fileID: 2613082162281578782, guid: 84e40102dc24d084fad3b4ec529321be,
        type: 3}
      propertyPath: m_Name
      value: CrystallMedium (2)
      objectReference: {fileID: 0}
    m_RemovedComponents: []
  m_SourcePrefab: {fileID: 100100000, guid: 84e40102dc24d084fad3b4ec529321be, type: 3}
--- !u!4 &8691473245444860442 stripped
Transform:
  m_CorrespondingSourceObject: {fileID: 2613082162281553214, guid: 84e40102dc24d084fad3b4ec529321be,
    type: 3}
  m_PrefabInstance: {fileID: 6691742939585902372}
  m_PrefabAsset: {fileID: 0}
