%YAML 1.1
%TAG !u! tag:unity3d.com,2011:
--- !u!1 &3404728491594995557
GameObject:
  m_ObjectHideFlags: 0
  m_CorrespondingSourceObject: {fileID: 0}
  m_PrefabInstance: {fileID: 0}
  m_PrefabAsset: {fileID: 0}
  serializedVersion: 6
  m_Component:
  - component: {fileID: 4746989943490138404}
  m_Layer: 0
  m_Name: DecorRocks (1) Variant
  m_TagString: Untagged
  m_Icon: {fileID: 0}
  m_NavMeshLayer: 0
  m_StaticEditorFlags: 0
  m_IsActive: 1
--- !u!4 &4746989943490138404
Transform:
  m_ObjectHideFlags: 0
  m_CorrespondingSourceObject: {fileID: 0}
  m_PrefabInstance: {fileID: 0}
  m_PrefabAsset: {fileID: 0}
  m_GameObject: {fileID: 3404728491594995557}
  m_LocalRotation: {x: -0.57043326, y: -0.27771273, z: -0.32124174, w: 0.7030543}
  m_LocalPosition: {x: -1.043, y: 0.48, z: 4.155}
  m_LocalScale: {x: 22.325, y: 22.325008, z: 22.325}
  m_Children:
  - {fileID: 7635703184898928214}
  - {fileID: 3241335365170032186}
  - {fileID: 9194290512164742153}
  m_Father: {fileID: 0}
  m_RootOrder: 0
  m_LocalEulerAnglesHint: {x: -78.671005, y: -7.018, z: -43.36}
--- !u!1001 &1986305390553846813
PrefabInstance:
  m_ObjectHideFlags: 0
  serializedVersion: 2
  m_Modification:
    m_TransformParent: {fileID: 4746989943490138404}
    m_Modifications:
    - target: {fileID: 3993372827615574567, guid: 393855c0714e041adb9585a0a1a20f7a,
        type: 3}
      propertyPath: m_LocalPosition.x
      value: -0.00277
      objectReference: {fileID: 0}
    - target: {fileID: 3993372827615574567, guid: 393855c0714e041adb9585a0a1a20f7a,
        type: 3}
      propertyPath: m_LocalPosition.y
      value: -0.00499
      objectReference: {fileID: 0}
    - target: {fileID: 3993372827615574567, guid: 393855c0714e041adb9585a0a1a20f7a,
        type: 3}
      propertyPath: m_LocalPosition.z
      value: 0.00035
      objectReference: {fileID: 0}
    - target: {fileID: 3993372827615574567, guid: 393855c0714e041adb9585a0a1a20f7a,
        type: 3}
      propertyPath: m_LocalRotation.x
      value: 0.056938678
      objectReference: {fileID: 0}
    - target: {fileID: 3993372827615574567, guid: 393855c0714e041adb9585a0a1a20f7a,
        type: 3}
      propertyPath: m_LocalRotation.y
      value: -0.060295284
      objectReference: {fileID: 0}
    - target: {fileID: 3993372827615574567, guid: 393855c0714e041adb9585a0a1a20f7a,
        type: 3}
      propertyPath: m_LocalRotation.z
      value: -0.41395527
      objectReference: {fileID: 0}
    - target: {fileID: 3993372827615574567, guid: 393855c0714e041adb9585a0a1a20f7a,
        type: 3}
      propertyPath: m_LocalRotation.w
      value: 0.9065118
      objectReference: {fileID: 0}
    - target: {fileID: 3993372827615574567, guid: 393855c0714e041adb9585a0a1a20f7a,
        type: 3}
      propertyPath: m_RootOrder
      value: 1
      objectReference: {fileID: 0}
    - target: {fileID: 3993372827615574567, guid: 393855c0714e041adb9585a0a1a20f7a,
        type: 3}
      propertyPath: m_LocalEulerAnglesHint.x
      value: -183.056
      objectReference: {fileID: 0}
    - target: {fileID: 3993372827615574567, guid: 393855c0714e041adb9585a0a1a20f7a,
        type: 3}
      propertyPath: m_LocalEulerAnglesHint.y
      value: -189.014
      objectReference: {fileID: 0}
    - target: {fileID: 3993372827615574567, guid: 393855c0714e041adb9585a0a1a20f7a,
        type: 3}
      propertyPath: m_LocalEulerAnglesHint.z
      value: 130.672
      objectReference: {fileID: 0}
    - target: {fileID: 3993372827615574567, guid: 393855c0714e041adb9585a0a1a20f7a,
        type: 3}
      propertyPath: m_LocalScale.x
      value: 1
      objectReference: {fileID: 0}
    - target: {fileID: 3993372827615574567, guid: 393855c0714e041adb9585a0a1a20f7a,
        type: 3}
      propertyPath: m_LocalScale.y
      value: 1
      objectReference: {fileID: 0}
    - target: {fileID: 3993372827615574567, guid: 393855c0714e041adb9585a0a1a20f7a,
        type: 3}
      propertyPath: m_LocalScale.z
      value: 1
      objectReference: {fileID: 0}
    - target: {fileID: 3993372827615929863, guid: 393855c0714e041adb9585a0a1a20f7a,
        type: 3}
      propertyPath: m_Name
      value: AddRocks08 (1)
      objectReference: {fileID: 0}
    m_RemovedComponents: []
  m_SourcePrefab: {fileID: 100100000, guid: 393855c0714e041adb9585a0a1a20f7a, type: 3}
--- !u!4 &3241335365170032186 stripped
Transform:
  m_CorrespondingSourceObject: {fileID: 3993372827615574567, guid: 393855c0714e041adb9585a0a1a20f7a,
    type: 3}
  m_PrefabInstance: {fileID: 1986305390553846813}
  m_PrefabAsset: {fileID: 0}
--- !u!1001 &1986305390628829866
PrefabInstance:
  m_ObjectHideFlags: 0
  serializedVersion: 2
  m_Modification:
    m_TransformParent: {fileID: 4746989943490138404}
    m_Modifications:
    - target: {fileID: 8243753003234904284, guid: d50f8f6f782d24ceb99944aaac63279c,
        type: 3}
      propertyPath: m_Name
      value: AddRocks02 (1)
      objectReference: {fileID: 0}
    - target: {fileID: 8243753003235398908, guid: d50f8f6f782d24ceb99944aaac63279c,
        type: 3}
      propertyPath: m_LocalPosition.x
      value: 0.00838
      objectReference: {fileID: 0}
    - target: {fileID: 8243753003235398908, guid: d50f8f6f782d24ceb99944aaac63279c,
        type: 3}
      propertyPath: m_LocalPosition.y
      value: 0.00121
      objectReference: {fileID: 0}
    - target: {fileID: 8243753003235398908, guid: d50f8f6f782d24ceb99944aaac63279c,
        type: 3}
      propertyPath: m_LocalPosition.z
      value: 0.00157
      objectReference: {fileID: 0}
    - target: {fileID: 8243753003235398908, guid: d50f8f6f782d24ceb99944aaac63279c,
        type: 3}
      propertyPath: m_LocalRotation.x
      value: -0.09861344
      objectReference: {fileID: 0}
    - target: {fileID: 8243753003235398908, guid: d50f8f6f782d24ceb99944aaac63279c,
        type: 3}
      propertyPath: m_LocalRotation.y
      value: 0.004120797
      objectReference: {fileID: 0}
    - target: {fileID: 8243753003235398908, guid: d50f8f6f782d24ceb99944aaac63279c,
        type: 3}
      propertyPath: m_LocalRotation.z
      value: 0.7128352
      objectReference: {fileID: 0}
    - target: {fileID: 8243753003235398908, guid: d50f8f6f782d24ceb99944aaac63279c,
        type: 3}
      propertyPath: m_LocalRotation.w
      value: 0.69435185
      objectReference: {fileID: 0}
    - target: {fileID: 8243753003235398908, guid: d50f8f6f782d24ceb99944aaac63279c,
        type: 3}
      propertyPath: m_RootOrder
      value: 0
      objectReference: {fileID: 0}
    - target: {fileID: 8243753003235398908, guid: d50f8f6f782d24ceb99944aaac63279c,
        type: 3}
      propertyPath: m_LocalEulerAnglesHint.x
      value: -8.211
      objectReference: {fileID: 0}
    - target: {fileID: 8243753003235398908, guid: d50f8f6f782d24ceb99944aaac63279c,
        type: 3}
      propertyPath: m_LocalEulerAnglesHint.y
      value: -7.8320003
      objectReference: {fileID: 0}
    - target: {fileID: 8243753003235398908, guid: d50f8f6f782d24ceb99944aaac63279c,
        type: 3}
      propertyPath: m_LocalEulerAnglesHint.z
      value: 92.068
      objectReference: {fileID: 0}
    - target: {fileID: 8243753003235398908, guid: d50f8f6f782d24ceb99944aaac63279c,
        type: 3}
      propertyPath: m_LocalScale.x
      value: 2.803404
      objectReference: {fileID: 0}
    - target: {fileID: 8243753003235398908, guid: d50f8f6f782d24ceb99944aaac63279c,
        type: 3}
      propertyPath: m_LocalScale.y
      value: 2.803403
      objectReference: {fileID: 0}
    - target: {fileID: 8243753003235398908, guid: d50f8f6f782d24ceb99944aaac63279c,
        type: 3}
      propertyPath: m_LocalScale.z
      value: 2.8034034
      objectReference: {fileID: 0}
    m_RemovedComponents: []
  m_SourcePrefab: {fileID: 100100000, guid: d50f8f6f782d24ceb99944aaac63279c, type: 3}
--- !u!4 &7635703184898928214 stripped
Transform:
  m_CorrespondingSourceObject: {fileID: 8243753003235398908, guid: d50f8f6f782d24ceb99944aaac63279c,
    type: 3}
  m_PrefabInstance: {fileID: 1986305390628829866}
  m_PrefabAsset: {fileID: 0}
--- !u!1001 &1986305392219137370
PrefabInstance:
  m_ObjectHideFlags: 0
  serializedVersion: 2
  m_Modification:
    m_TransformParent: {fileID: 4746989943490138404}
    m_Modifications:
    - target: {fileID: 7208126356343275859, guid: 7e967f11b92404be08f1142dd4df292e,
        type: 3}
      propertyPath: m_LocalPosition.x
      value: -0.00358
      objectReference: {fileID: 0}
    - target: {fileID: 7208126356343275859, guid: 7e967f11b92404be08f1142dd4df292e,
        type: 3}
      propertyPath: m_LocalPosition.y
      value: 0.00721
      objectReference: {fileID: 0}
    - target: {fileID: 7208126356343275859, guid: 7e967f11b92404be08f1142dd4df292e,
        type: 3}
      propertyPath: m_LocalPosition.z
      value: -0.00122
      objectReference: {fileID: 0}
    - target: {fileID: 7208126356343275859, guid: 7e967f11b92404be08f1142dd4df292e,
        type: 3}
      propertyPath: m_LocalRotation.x
      value: -0.063452065
      objectReference: {fileID: 0}
    - target: {fileID: 7208126356343275859, guid: 7e967f11b92404be08f1142dd4df292e,
        type: 3}
      propertyPath: m_LocalRotation.y
      value: -0.0756007
      objectReference: {fileID: 0}
    - target: {fileID: 7208126356343275859, guid: 7e967f11b92404be08f1142dd4df292e,
        type: 3}
      propertyPath: m_LocalRotation.z
      value: -0.1149531
      objectReference: {fileID: 0}
    - target: {fileID: 7208126356343275859, guid: 7e967f11b92404be08f1142dd4df292e,
        type: 3}
      propertyPath: m_LocalRotation.w
      value: 0.9884555
      objectReference: {fileID: 0}
    - target: {fileID: 7208126356343275859, guid: 7e967f11b92404be08f1142dd4df292e,
        type: 3}
      propertyPath: m_RootOrder
      value: 2
      objectReference: {fileID: 0}
    - target: {fileID: 7208126356343275859, guid: 7e967f11b92404be08f1142dd4df292e,
        type: 3}
      propertyPath: m_LocalEulerAnglesHint.x
      value: -8.211
      objectReference: {fileID: 0}
    - target: {fileID: 7208126356343275859, guid: 7e967f11b92404be08f1142dd4df292e,
        type: 3}
      propertyPath: m_LocalEulerAnglesHint.y
      value: -7.8320003
      objectReference: {fileID: 0}
    - target: {fileID: 7208126356343275859, guid: 7e967f11b92404be08f1142dd4df292e,
        type: 3}
      propertyPath: m_LocalEulerAnglesHint.z
      value: -12.704
      objectReference: {fileID: 0}
    - target: {fileID: 7208126356343275859, guid: 7e967f11b92404be08f1142dd4df292e,
        type: 3}
      propertyPath: m_LocalScale.x
      value: 1.1000226
      objectReference: {fileID: 0}
    - target: {fileID: 7208126356343275859, guid: 7e967f11b92404be08f1142dd4df292e,
        type: 3}
      propertyPath: m_LocalScale.y
      value: 1.1000228
      objectReference: {fileID: 0}
    - target: {fileID: 7208126356343275859, guid: 7e967f11b92404be08f1142dd4df292e,
        type: 3}
      propertyPath: m_LocalScale.z
      value: 1.1000228
      objectReference: {fileID: 0}
    - target: {fileID: 7208126356343709043, guid: 7e967f11b92404be08f1142dd4df292e,
        type: 3}
      propertyPath: m_Name
      value: AddRocks01 (1)
      objectReference: {fileID: 0}
    m_RemovedComponents: []
  m_SourcePrefab: {fileID: 100100000, guid: 7e967f11b92404be08f1142dd4df292e, type: 3}
--- !u!4 &9194290512164742153 stripped
Transform:
  m_CorrespondingSourceObject: {fileID: 7208126356343275859, guid: 7e967f11b92404be08f1142dd4df292e,
    type: 3}
  m_PrefabInstance: {fileID: 1986305392219137370}
  m_PrefabAsset: {fileID: 0}
